<?xml version="1.0" encoding="UTF-8"?><collection xmlns="http://www.loc.gov/MARC21/slim"><record><leader>00420nam--2200145-i-4500</leader><controlfield tag="001">000042963</controlfield><controlfield tag="002">20161230</controlfield><controlfield tag="005">20161230201043</controlfield><controlfield tag="008">060222s1000------------r-----000-0-eng-d</controlfield><datafield ind1=" " ind2=" " tag="080"><subfield code="a">541.28:541.15</subfield></datafield><datafield ind1=" " ind2=" " tag="100"><subfield code="a">Stocklin,Gerhard</subfield></datafield><datafield ind1=" " ind2=" " tag="245"><subfield code="a">Chemie heisser atome. chemische reaktionen als folge von kernprozessen</subfield></datafield><datafield ind1=" " ind2=" " tag="260"><subfield code="a">Weinheim, Verlag Chemie, 1969. Ix + 284 P</subfield></datafield><datafield ind1=" " ind2=" " tag="490"><subfield code="a">Chemissche Taschenbucher</subfield></datafield><datafield ind1=" " ind2=" " tag="852"><subfield code="a">31763</subfield></datafield></record></collection>